<?xml version="1.0" encoding="UTF-8"?><collection xmlns="http://www.loc.gov/MARC21/slim"><record><leader>00461nam--2200181-i-4500</leader><controlfield tag="001">000022817</controlfield><controlfield tag="002">20161230</controlfield><controlfield tag="005">20161230201034</controlfield><controlfield tag="008">060222s1000------------r-----000-0-ger-d</controlfield><datafield ind1=" " ind2=" " tag="040"><subfield code="a">IFIN-HH</subfield></datafield><datafield ind1=" " ind2=" " tag="041"><subfield code="a">ger</subfield></datafield><datafield ind1=" " ind2=" " tag="080"><subfield code="a">523</subfield></datafield><datafield ind1="1" ind2=" " tag="100"><subfield code="a">Heckmann, Otto</subfield></datafield><datafield ind1="1" ind2="0" tag="245"><subfield code="a">Theorien der kosmoilogie. berichtigter nachdruck</subfield><subfield code="c">Otto heckmann</subfield></datafield><datafield ind1=" " ind2=" " tag="260"><subfield code="a">Berlin</subfield><subfield code="b">Springer-verlag</subfield><subfield code="c">1968</subfield></datafield><datafield ind1=" " ind2=" " tag="300"><subfield code="a">IX + 113P</subfield></datafield><datafield ind1=" " ind2=" " tag="852"><subfield code="a">30223</subfield><subfield code="c">523</subfield></datafield><datafield ind1=" " ind2=" " tag="CAT"><subfield code="a">Sys</subfield><subfield code="c">20130829</subfield><subfield code="h">133134</subfield></datafield></record></collection>